%%%% GENERAL CRYPTOGRAPHY BOOKS %%%%%

@book{pqcrypto,
  title={Post-quantum cryptography},
  author={Bernstein, Daniel J. and Buchmann, Johannes and Dahmen, Erik},
  year={2009},
  publisher={Springer Berlin, Heidelberg},
  doi = {https://doi.org/10.1007/978-3-540-88702-7}
}
